% This file was created with JabRef 2.10.
% Encoding: UTF-8


@Book{Berland2010,
  Title                    = {{En introduksjon til Latex}},
  Author                   = {Berland, H},
  Year                     = {2010},
  Note                     = {\url{http://www.pvv.ntnu.no/~berland/latex/latexintro4up.pdf}}
}

@Book{NTNU2014,
  Title                    = {{TTK4135 Optimalization and Control Helicopter Lab}},
  Author                   = {Department of Engineering Cybernetics, NTNU},
  Year                     = {2014}
}

@Book{Downes2002,
  Title                    = {{Short Math Guide for LATEX}},
  Author                   = {Downes, M.},
  Year                     = {2002},
  Note                     = {\url{ftp://ftp.ams.org/pub/tex/doc/amsmath/short-math-guide.pdf}}
}

@Unpublished{FH2014,
  Title                    = {{Merging Optimization and Control}},
  Author                   = {Bjarne Foss and Tor Aksel N. Heirung},
  Year                     = {2016}
}

@Book{Johansen2011,
  Title                    = {{Introduction to Nonlinear Model Predictive Control and Moving Horizon Estimation}},
  Author                   = {Tor A. Johansen},
  Publisher                = {STU/NTNU},
  Year                     = {2011},

  Owner                    = {jens},
  Timestamp                = {2016.05.06}
}

@Book{Nocedal2006,
  Title                    = {{Numerical Optimization}},
  Author                   = {Nocedal, J. and Wright, S. J.},
  Publisher                = {Springer},
  Year                     = {2006},
  Edition                  = {second}
}

@Book{Oetiker2011,
  Title                    = {{The Not So Short Introduction to LATEX 2e}},
  Author                   = {Oetiker, T. and Partl, H. and Hyna, I. and Schlegl, E.},
  Year                     = {2011},
  Note                     = {\url{http://tobi.oetiker.ch/lshort/lshort.pdf}}
}

